
@article{xin_liu_background_2015,
  title = {Background {{Subtraction Based}} on {{Low}}-{{Rank}} and {{Structured Sparse Decomposition}}},
  volume = {24},
  issn = {1057-7149, 1941-0042},
  doi = {10.1109/TIP.2015.2419084},
  timestamp = {2017-11-16T01:03:31Z},
  number = {8},
  urldate = {2017-11-16},
  journal = {IEEE Transactions on Image Processing},
  author = {{Xin Liu} and {Guoying Zhao} and {Jiawen Yao} and {Chun Qi}},
  month = aug,
  year = {2015},
  pages = {2502--2514},
  file = {Background Subtraction Based on Low-Rand and Structured Sparse Decomposition.pdf:/Background Subtraction Based on Low-Rand and Structured Sparse Decomposition.pdf:application/pdf}
}

@inproceedings{yi_fast_2016,
  title = {Fast Algorithms for Robust {{PCA}} via Gradient Descent},
  timestamp = {2017-11-16T01:04:14Z},
  booktitle = {Advances in Neural Information Processing Systems},
  author = {Yi, Xinyang and Park, Dohyung and Chen, Yudong and Caramanis, Constantine},
  year = {2016},
  pages = {4152--4160},
  file = {RPCA.pdf:/RPCA.pdf:application/pdf}
}


